<?xml version="1.0" encoding="UTF-8"?><collection xmlns="http://www.loc.gov/MARC21/slim"><record><leader>00410nam--2200133-i-4500</leader><controlfield tag="001">000016892</controlfield><controlfield tag="002">20161230</controlfield><controlfield tag="005">20161230201032</controlfield><controlfield tag="008">060222s1000------------r-----000-0-eng-d</controlfield><datafield ind1=" " ind2=" " tag="080"><subfield code="a">528</subfield></datafield><datafield ind1=" " ind2=" " tag="100"><subfield code="a">Angulete, Gheorghe, Paraschiva, Ion Si Rotaru, M</subfield></datafield><datafield ind1=" " ind2=" " tag="245"><subfield code="a">Evolutia conceptiei geodezice militare in romania</subfield></datafield><datafield ind1=" " ind2=" " tag="260"><subfield code="a">Bucuresti, Ministerul Apararii Nationale, 1989 Xvi + 198 P. + 24 Planse</subfield></datafield><datafield ind1=" " ind2=" " tag="852"><subfield code="a">79057</subfield></datafield></record></collection>